<record xmlns="http://www.openarchives.org/OAI/2.0/" xmlns:xsi="http://www.w3.org/2001/XMLSchema-instance">
  <header>
    <identifier>oai:www.openaccessrepository.it:7330</identifier>
    <datestamp>2016-06-29T14:35:14Z</datestamp>
    <setSpec>dataset:aleph</setSpec>
    <setSpec>openaire</setSpec>
  </header>
  <metadata>irods://data.repo.cineca.it:1247/CINECA01/home/DRES_EUDalep/dati/ZD4000.27.AL,11100/b2ca90a8-cbe3-11e3-ac1a-e41f13eb41b2eng<marc:record xmlns:marc="http://www.loc.gov/MARC21/slim" xmlns:xsi="http://www.w3.org/2001/XMLSchema-instance" xsi:schemaLocation="http://www.loc.gov/MARC21/slim http://www.loc.gov/standards/marcxml/schema/MARC21slim.xsd" type="Bibliographic"><marc:leader>00000coc  2200000uu 4500</marc:leader><marc:controlfield tag="001">7330</marc:controlfield><marc:controlfield tag="005">20160629143514.0</marc:controlfield><marc:datafield tag="024" ind1="7" ind2=" "><marc:subfield code="2">Handle</marc:subfield><marc:subfield code="a">irods://data.repo.cineca.it:1247/CINECA01/home/DRES_EUDalep/dati/ZD4000.27.AL,11100/b2ca90a8-cbe3-11e3-ac1a-e41f13eb41b2</marc:subfield></marc:datafield><marc:datafield tag="695" ind1=" " ind2=" "><marc:subfield code="2">HEP CERN LEP ALEPH MINI RealData 2000</marc:subfield></marc:datafield><marc:datafield tag="042" ind1=" " ind2=" "><marc:subfield code="a">Researchers</marc:subfield></marc:datafield><marc:datafield tag="043" ind1=" " ind2=" "><marc:subfield code="a">info:eu-repo/semantics/other</marc:subfield></marc:datafield><marc:datafield tag="980" ind1=" " ind2=" "><marc:subfield code="a">DATASETREALDATA</marc:subfield></marc:datafield><marc:datafield tag="999" ind1=" " ind2=" "><marc:subfield code="9">Marcello Maggi</marc:subfield><marc:subfield code="c">3039181162</marc:subfield><marc:subfield code="s">304476120</marc:subfield></marc:datafield><marc:datafield tag="999" ind1="C" ind2="5"><marc:subfield code="a">10.1007/JHEP05(2010)049</marc:subfield><marc:subfield code="o">[1]</marc:subfield><marc:subfield code="o">[1]</marc:subfield><marc:subfield code="r">PUBLICATIONINFN-2014-001</marc:subfield><marc:subfield code="t">Search for neutral Higgs bosons decaying into four taus at LEP2</marc:subfield><marc:subfield code="y">2010</marc:subfield></marc:datafield><marc:datafield tag="999" ind1="C" ind2="5"><marc:subfield code="a">10.5072/oar.it/1411041136.04</marc:subfield><marc:subfield code="o">[2]</marc:subfield><marc:subfield code="r">SOFTWAREALEPH-2014-001</marc:subfield><marc:subfield code="t">ALEPH SCL5 Virtual Machine for Research Environment</marc:subfield></marc:datafield><marc:datafield tag="999" ind1="C" ind2="5"><marc:subfield code="9">CURATOR</marc:subfield><marc:subfield code="a">10.5072/oar.it/1415804221.39</marc:subfield><marc:subfield code="o">[3]</marc:subfield><marc:subfield code="r">SOFTWAREALEPH-2014-185</marc:subfield><marc:subfield code="t">Analysis with the CHAIN-REDS Science Gateway of LEP Data from the ALEPH Collaboration year 2000 datafile ZD4000.27.AL</marc:subfield></marc:datafield><marc:datafield tag="710" ind1=" " ind2=" "><marc:subfield code="g">ALEPH Collaboration</marc:subfield></marc:datafield><marc:datafield tag="856" ind1="4" ind2=" "><marc:subfield code="u">irods://data.repo.cineca.it:1247/CINECA01/home/DRES_EUDalep/dati/ZD4000.27.AL</marc:subfield><marc:subfield code="y">ALEPH</marc:subfield></marc:datafield><marc:datafield tag="909" ind1="C" ind2="O"><marc:subfield code="o">oai:www.openaccessrepository.it:7330</marc:subfield><marc:subfield code="p">openaire</marc:subfield><marc:subfield code="p">dataset:aleph</marc:subfield></marc:datafield><marc:datafield tag="245" ind1=" " ind2=" "><marc:subfield code="9">ALEPH</marc:subfield><marc:subfield code="a">LEP Data from The ALEPH Collaboration year 2000 datafile ZD4000.27.AL</marc:subfield></marc:datafield><marc:datafield tag="260" ind1=" " ind2=" "><marc:subfield code="c">2014-09-01</marc:subfield></marc:datafield><marc:datafield tag="520" ind1=" " ind2=" "><marc:subfield code="9">ALEPH</marc:subfield><marc:subfield code="a">Run contents for this data file &lt;table border="1"&gt; &lt;tr&gt; &lt;th&gt;Run #&lt;/th&gt;&lt;th&gt;Nevents&lt;/th&gt;&lt;th&gt;Length (Mb)&lt;/th&gt;&lt;th&gt;LEP energy&lt;/th&gt;&lt;th&gt;Nb of Z0s&lt;/th&gt;&lt;/tr&gt; &lt;tr&gt; &lt;td&gt;53507&lt;/td&gt;&lt;td&gt;18537&lt;/td&gt;&lt;td&gt;38.825&lt;/td&gt;&lt;td&gt;204.899&lt;/td&gt;&lt;td&gt;20&lt;/td&gt;&lt;/tr&gt; &lt;tr&gt; &lt;td&gt;53508&lt;/td&gt;&lt;td&gt;11124&lt;/td&gt;&lt;td&gt;22.029&lt;/td&gt;&lt;td&gt;205.902&lt;/td&gt;&lt;td&gt;3&lt;/td&gt;&lt;/tr&gt; &lt;tr&gt; &lt;td&gt;53509&lt;/td&gt;&lt;td&gt;4120&lt;/td&gt;&lt;td&gt;7.461&lt;/td&gt;&lt;td&gt;207.042&lt;/td&gt;&lt;td&gt;3&lt;/td&gt;&lt;/tr&gt; &lt;tr&gt; &lt;td&gt;53511&lt;/td&gt;&lt;td&gt;9701&lt;/td&gt;&lt;td&gt;24.063&lt;/td&gt;&lt;td&gt;203.554&lt;/td&gt;&lt;td&gt;11&lt;/td&gt;&lt;/tr&gt; &lt;tr&gt; &lt;td&gt;53513&lt;/td&gt;&lt;td&gt;10057&lt;/td&gt;&lt;td&gt;25.534&lt;/td&gt;&lt;td&gt;203.546&lt;/td&gt;&lt;td&gt;11&lt;/td&gt;&lt;/tr&gt; &lt;tr&gt; &lt;td&gt;53515&lt;/td&gt;&lt;td&gt;13197&lt;/td&gt;&lt;td&gt;32.412&lt;/td&gt;&lt;td&gt;203.569&lt;/td&gt;&lt;td&gt;20&lt;/td&gt;&lt;/tr&gt; &lt;tr&gt; &lt;td&gt;53516&lt;/td&gt;&lt;td&gt;12116&lt;/td&gt;&lt;td&gt;25.408&lt;/td&gt;&lt;td&gt;204.907&lt;/td&gt;&lt;td&gt;13&lt;/td&gt;&lt;/tr&gt; &lt;tr&gt; &lt;td&gt;53517&lt;/td&gt;&lt;td&gt;4315&lt;/td&gt;&lt;td&gt;8.417&lt;/td&gt;&lt;td&gt;206.611&lt;/td&gt;&lt;td&gt;7&lt;/td&gt;&lt;/tr&gt; &lt;tr&gt; &lt;td&gt;53522&lt;/td&gt;&lt;td&gt;11770&lt;/td&gt;&lt;td&gt;27.740&lt;/td&gt;&lt;td&gt;203.769&lt;/td&gt;&lt;td&gt;10&lt;/td&gt;&lt;/tr&gt; &lt;tr&gt; &lt;td&gt;53523&lt;/td&gt;&lt;td&gt;11679&lt;/td&gt;&lt;td&gt;25.291&lt;/td&gt;&lt;td&gt;204.908&lt;/td&gt;&lt;td&gt;12&lt;/td&gt;&lt;/tr&gt; &lt;tr&gt; &lt;td&gt;53524&lt;/td&gt;&lt;td&gt;6120&lt;/td&gt;&lt;td&gt;12.298&lt;/td&gt;&lt;td&gt;206.613&lt;/td&gt;&lt;td&gt;2&lt;/td&gt;&lt;/tr&gt; &lt;tr&gt; &lt;td&gt;53530&lt;/td&gt;&lt;td&gt;12897&lt;/td&gt;&lt;td&gt;31.621&lt;/td&gt;&lt;td&gt;203.553&lt;/td&gt;&lt;td&gt;23&lt;/td&gt;&lt;/tr&gt; &lt;tr&gt; &lt;td&gt;53531&lt;/td&gt;&lt;td&gt;9853&lt;/td&gt;&lt;td&gt;21.622&lt;/td&gt;&lt;td&gt;204.845&lt;/td&gt;&lt;td&gt;9&lt;/td&gt;&lt;/tr&gt; &lt;tr&gt;&lt;/table&gt; Total file length :   305.594 Mbytes</marc:subfield></marc:datafield><marc:datafield tag="500" ind1=" " ind2=" "><marc:subfield code="f">ALEPH - INFN</marc:subfield></marc:datafield><marc:datafield tag="650" ind1="1" ind2="7"><marc:subfield code="a">High Energy Physics</marc:subfield></marc:datafield><marc:datafield tag="269" ind1=" " ind2=" "><marc:subfield code="c">2000</marc:subfield></marc:datafield><marc:datafield tag="100" ind1=" " ind2=" "><marc:subfield code="a">Marcello Maggi</marc:subfield></marc:datafield><marc:datafield tag="041" ind1=" " ind2=" "><marc:subfield code="a">eng</marc:subfield></marc:datafield></marc:record>
</metadata>
</record>
